@ARTICLE{Chang2021,
       author = {{Chang}, C. and {Drlica-Wagner}, A. and {Kent}, S.~M. and {Nord}, B. and {Wang}, D.~M. and {Wang}, M.~H.~L.~S.},
        title = "{A machine learning approach to the detection of ghosting and scattered light artifacts in dark energy survey images}",
      journal = {Astronomy and Computing},
     keywords = {Machine learning, Image artifacts, Astrophysics - Instrumentation and Methods for Astrophysics},
         year = 2021,
        month = jul,
       volume = {36},
          eid = {100474},
        pages = {100474},
          doi = {10.1016/j.ascom.2021.100474},
archivePrefix = {arXiv},
       eprint = {2105.10524},
 primaryClass = {astro-ph.IM},
       adsurl = {https://ui.adsabs.harvard.edu/abs/2021A&C....3600474C},
      adsnote = {Provided by the SAO/NASA Astrophysics Data System}
}

@INPROCEEDINGS{Coughlin2016,
       author = {{Coughlin}, Michael and {Abbott}, T.~M.~C. and {Brannon}, Kairn and {Claver}, Chuck and {Doherty}, Peter and {Fisher-Levine}, Merlin and {Ingraham}, Patrick and {Lupton}, Robert and {Mondrik}, Nicholas and {Stubbs}, Christopher},
        title = "{A collimated beam projector for precise telescope calibration}",
     keywords = {Astrophysics - Instrumentation and Methods for Astrophysics},
    booktitle = {Observatory Operations: Strategies, Processes, and Systems VI},
         year = 2016,
       editor = {{Peck}, Alison B. and {Seaman}, Robert L. and {Benn}, Chris R.},
       series = {Society of Photo-Optical Instrumentation Engineers (SPIE) Conference Series},
       volume = {9910},
        month = jul,
          eid = {99100V},
        pages = {99100V},
          doi = {10.1117/12.2231677},
archivePrefix = {arXiv},
       eprint = {1805.05867},
 primaryClass = {astro-ph.IM},
       adsurl = {https://ui.adsabs.harvard.edu/abs/2016SPIE.9910E..0VC},
}

@ARTICLE{Jeong2005,
       author = {{Jeong}, Woong-Seob and {Mok Lee}, Hyung and {Pak}, Soojong and {Nakagawa}, Takao and {Minn Kwon}, Suk and {Pearson}, Chris P. and {White}, Glenn J.},
        title = "{Far-infrared detection limits - I. Sky confusion due to Galactic cirrus}",
      journal = {\mnras},
     keywords = {methods: data analysis, techniques: image processing, ISM: structure, galaxies: photometry, infrared: ISM, Astrophysics},
         year = 2005,
        month = feb,
       volume = {357},
       number = {2},
        pages = {535-547},
          doi = {10.1111/j.1365-2966.2005.08627.x},
archivePrefix = {arXiv},
       eprint = {astro-ph/0411431},
 primaryClass = {astro-ph},
       adsurl = {https://ui.adsabs.harvard.edu/abs/2005MNRAS.357..535J},
      adsnote = {Provided by the SAO/NASA Astrophysics Data System}
}

@UNPUBLISHED{Kent2013,
       author = {Kent, Stephen M.},
        title = "{Ghost Images in DECam}",
collaboration  = "DES",
         year = {2013},
         note = "{FERMILAB-SLIDES-20-114-SCD}",
          doi = {10.2172/1690257},
}

@MISC{Meyers2019,
        title = {batoid, Version 0.1},
       author = {Meyers, Joshua E and Kirkby, David and Thomas, David and USDOE National Nuclear Security Administration},
 abstractNote = {Batoid is a c++ backed python optical raytracer. It uses geometric optics to characterize the optical performance of survey telescopes such as LSST, Subaru-HSC, Blanco-DECam, or Mayall-DESI.},
          doi = {10.11578/dc.20200708.1},
          url = {https://www.osti.gov/biblio/1637678}, 
         year = {2019},
        month = {10},
}

@ARTICLE{Mondrik2023,
       author = {{Mondrik}, Nicholas and {Coughlin}, Michael and {Betoule}, Marc and {Bongard}, S{\'e}bastien and {Rice}, Joseph P. and {Shaw}, Ping-Shine and {Stubbs}, Christopher W. and {Woodward}, John T. and {LSST Dark Energy Science Collaboration}},
        title = "{Measurement of Telescope Transmission Using a Collimated Beam Projector}",
      journal = {\pasp},
     keywords = {Calibration, Photometry, Astronomical detectors, Telescopes, 2179, 1234, 84, 1689, Astrophysics - Instrumentation and Methods for Astrophysics, Astrophysics - Astrophysics of Galaxies},
         year = 2023,
        month = mar,
       volume = {135},
       number = {1045},
          eid = {035001},
        pages = {035001},
          doi = {10.1088/1538-3873/acbe1c},
archivePrefix = {arXiv},
       eprint = {2302.11397},
 primaryClass = {astro-ph.IM},
       adsurl = {https://ui.adsabs.harvard.edu/abs/2023PASP..135c5001M},
      adsnote = {Provided by the SAO/NASA Astrophysics Data System}
}

@ARTICLE{Roman2020,
       author = {{Rom{\'a}n}, Javier and {Trujillo}, Ignacio and {Montes}, Mireia},
        title = "{Galactic cirri in deep optical imaging}",
      journal = {\aap},
     keywords = {ISM: clouds, dust, extinction, techniques: image processing, techniques: photometric, Astrophysics - Astrophysics of Galaxies, Astrophysics - Solar and Stellar Astrophysics},
         year = 2020,
        month = dec,
       volume = {644},
          eid = {A42},
        pages = {A42},
          doi = {10.1051/0004-6361/201936111},
archivePrefix = {arXiv},
       eprint = {1907.00978},
 primaryClass = {astro-ph.GA},
       adsurl = {https://ui.adsabs.harvard.edu/abs/2020A&A...644A..42R},
      adsnote = {Provided by the SAO/NASA Astrophysics Data System}
}

@ARTICLE{Tanoglidis2022,
       author = {{Tanoglidis}, D. and {{\'C}iprijanovi{\'c}}, A. and {Drlica-Wagner}, A. and {Nord}, B. and {Wang}, M.~H.~L.~S. and {Amsellem}, A. Jacob and {Downey}, K. and {Jenkins}, S. and {Kafkes}, D. and {Zhang}, Z.},
        title = "{DeepGhostBusters: Using Mask R-CNN to detect and mask ghosting and scattered-light artifacts from optical survey images}",
      journal = {Astronomy and Computing},
     keywords = {Deep learning, Object detection, Image artifacts, Astrophysics - Instrumentation and Methods for Astrophysics, Astrophysics - Astrophysics of Galaxies},
         year = 2022,
        month = apr,
       volume = {39},
          eid = {100580},
        pages = {100580},
          doi = {10.1016/j.ascom.2022.100580},
archivePrefix = {arXiv},
       eprint = {2109.08246},
 primaryClass = {astro-ph.IM},
       adsurl = {https://ui.adsabs.harvard.edu/abs/2022A&C....3900580T},
      adsnote = {Provided by the SAO/NASA Astrophysics Data System}
}
