## Add or remove entries from etc/static_entries.bib for docushare items not appearing in lsst.io

@DocuShare{RDO-013,
  author = {Robert Blum and the Rubin Operations Team},
  title = "{Vera C. Rubin Observatory
Data Policy}",
  year = {2020},
  month =        sep,
  handle = {RDO-013}
}

@DocuShare{Agreement-51,
  author = {LSST},
  title = "{Memorandum of Agreement regarding collaboration in the scientific exploitation of data acquired with LSST by specified Principal Investigators and scientists at IN2P3}",
  year = {2015},
  month =        mar,
  handle = {Agreement-51}
}

@DocuShare{Document-1386,
  author =       {Jacek Becla},
  title =        "{Database Ingest Tests}",
  year =         2006,
  month =        mar,
  handle =       {Document-1386},
}



@DocuShare{Document-5356,
  author =       {Tim Axelrod and Robyn Allsman and Jeff Kantor and Jon Myers and
                  Francesco Pierfederici and Serge Monkewicz and Greg Daues and
                  David Gehrig and Steve Pietrowicz and Raymond Plante and
                  Jacek Becla and Kian-Tat Lim and Andrew Becker and Lynne Jones and
                  Russell Owen and Nicole Silvestri and Robert H. Lupton and
                  Jeff Bartels and Phil Pinto and Jeff Kantor and
                  Michael Strauss and Don Sweeney},
  title =        "{LSST Data Challenge 2}",
  year =         2008,
  month =        apr,
  handle =       {Document-5356},
}

@DocuShare{Document-5373,
  author =       {Phil Pinto and Jeff Kantor and Michael Strauss and Don Sweeney},
  title =        "{Data Access White Paper}",
  year =         2008,
  month =        apr,
  handle =       {Document-5373},
}

@DocuShare{Document-7025,
  author =       {Jeff Kantor and Victor Krabbendam},
  title =        "{DM Risk Register}",
  year =         2011,
  month =        aug,
  handle =       {Document-7025},
}

@DocuShare{Document-8256,
  author =       {Jacek Becla},
  title =        "{Evaluation of Database Solutions}",
  year =         2009,
  month =        nov,
  handle =       {Document-8256},
}

@DocuShare{Document-8590,
  author =       {Andrew Rasmussen},
  title =        "{Sensor Modeling for the LSST Camera Focal Plane: Current Status of SLAC Originated Code}",
  year =         2015,
  month =        jul,
  handle =       {Document-8590},
}

@DocuShare{Document-9044,
  author =       {Jeff Kantor and Tim Axelrod and Robyn Allsman
                  and Mike Freemon and K-T Lim},
  title =        "{Data Challenge 3b Overview}",
  year =         2010,
  month =        mar,
  handle =       {Document-9044},
}

@DocuShare{Document-9224,
  author =       {George Angeli and Robert McKercher},
  title =        "{Change Controlled Document Cover Page and Style Guide}",
  year =         2013,
  month =        oct,
  handle =       {Document-9224},
}

@DocuShare{Document-9541,
  author =       {Ray Plante and Robyn Allsman and Tim Axelrood and Jacek Becla
                  and Cristina Beldica and Greg Daues and Jeff Kantor and Jonathan Myers
                  and Russell Owen and Steve Pietrowicz},
  title =        "{Results from Data Challenge 1}",
  year =         2010,
  month =        jul,
  handle =       {Document-9541},
}


@DocuShare{Document-10548,
  author = {William S. Smith and Steven M.  Kahn and Donald W Sweeney and J. Anthony Tyson and Sidney C Wolff  },
   title = "{Fastlane Proposal for Construction of the Large Synoptic Survey Telescope}",
    year = 2011,
   month = feb,
  handle = {Document-10548},
}

@DocuShare{Document-10549,
  author =       {Sidney C. Wolff and Steven M. Kahn and Victor L. Krabbendam
                  and Donald W. Sweeney and J. Anthony Tyson},
  title =        "{Proposal to the National Science Foundation}",
  year =         2011,
  month =        feb,
  handle =       {Document-10549},
}

@DocuShare{Document-10762,
  author =       {Richard Shaw and Michael Strauss},
  title =        "{LSST Data Challenge Handbook Version 1.1}",
  year =         2011,
  month =        aug,
  handle =       {Document-10762},
}

@DocuShare{Document-10963,
  author =       {Zhaoming Ma and others},
  title =        {{Science White Paper for LSST Deep-Drilling Field Observations: Using LSST Deep Drilling Fields to Improve Weak Lensing Measurements}},
  year =         2011,
  handle = {Document-10963},
}

@DocuShare{Document-11013,
  author =       {Becker, A. and others},
  title =        {{Science White Paper for LSST Deep-Drilling Field Observations Opportunities for Solar System Science}},
  year =         2011,
  handle = {Document-11013},
}

@DocuShare{Document-11019,
  author =       {Arlin Crotts},
  title =        {{Standard Candle Relations and Photo-diversity of Type Ia Supernovae}},
  year =         2011,
  handle = {Document-11019},
}

@DocuShare{Document-11622,
  author =       {William Smith and Victor Perez Vera},
  title =        {Supplementary and Clarifying Agreement between the Universidad de Chile and AURA covering the use of the LSST on Cerro Pachon},
  year =         2011,
  handle =       {Document-11622},
}

@DocuShare{Document-11624,
  author =       {{LSST Science Council}},
  title =        "{Optimization of LSST Deployment Parameters}",
  year =         2011,
  month =        jul,
  handle =       {Document-11624},
}

@DocuShare{Document-11625,
  author =       {Jacek Becla and K-T Lim and Daniel Wang},
  title =        "{Database Architecture}",
  year =         2011,
  month =        jul,
  handle =       {Document-11625},
}

@DocuShare{Document-11701,
  author =       {Jacek Becla and Kian-Tat Lim and Daniel Wang},
  title =        "{Evaluation of Solid State Disks}",
  year =         2011,
  month =        jul,
  handle =       {Document-11701},
}

@DocuShare{Document-11920,
  author =       {George Angeli and Robert McKercher},
  title =        "{Document Cover Page and Style Guide}",
  year =         2013,
  month =        oct,
  handle =       {Document-11920},
}

@DocuShare{Document-13380,
  author =       {Sidney Wolff and Steven Kahn},
  title =        "{Data Rights and Data Management Policy}",
  year =         2013,
  month =        aug,
  handle =       {Document-13380},
}

@DocuShare{Document-13760,
  author =       {Erin Carlson},
  title =        "{Travel Request Instructions for AURA Employees}",
  year =         2017,
  month =        jan,
  handle =       {Document-13760},
}

@DocuShare{Document-13762,
  author =       {Erin Carlson},
  title =        "{LSST Travel Summary Report Template}",
  year =         2017,
  month =        may,
  handle =       {Document-13762},
}

@DocuShare{Document-15077,
  author =        {Sidney Wolff},
  title =         "{LSST Project Overview}",
  year =          2013,
  month=          sep,
  handle =        {Document-15077},
}

@DocuShare{Document-15097,
  author =       {K-T Lim},
  title =        "{LSST Data Challenge Report: Summer 2013}",
  year =         2013,
  month =        sep,
  handle =       {Document-15097},
}

@DocuShare{Document-15125,
  author =       {Peter Yoachim and Lynne Jones and {\v
                  Z}. {Ivezi{\'c}} and Tim Axelrod},
  title =        "{Photometric Self Calibration Design and Prototype}",
  year =         2013,
  month =        oct,
  handle =       {Document-15125},
}

@DocuShare{Document-15286,
  author =       {Richard A. Shaw},
  title =        "{LSST Data Challenge Handbook: Summer 2012 Data Release}",
  year =         2012,
  month =        aug,
  handle =       {Document-15286},
}

@DocuShare{Document-15298,
  author =       {J. Bosch and P. Gee and R. Owen and M. Juri\'c},
  title =        "{LSST DM S13 Report: Shapre Measurement Plans and Prototypes}",
  year =         2013,
  month =        oct,
  handle =       {Document-15298},
}

@DocuShare{Document-15299,
  author =       {Richard A. Shaw},
  title =        "{LSST Data Challenge Handbook: Winter 2013 Early Data Release}",
  year =         2013,
  month =        jan,
  handle =       {Document-15299},
}

@DocuShare{Document-16168,
  author =       {{LSST Systems Engineering}},
  title =        "{{LSST Key System Parameters Summary}}",
  year =         2014,
  month =        jan,
  handle =       {Document-16168},
}

@DocuShare{Document-26217,
  author =       {Jeff Kantor},
  title =        "{Data Challenge 3b Performance Test 1.1}",
  year =         2010,
  month =        aug,
  handle =       {Document-26217},
}

@DocuShare{Document-26273,
  author =       {Brian Selvy},
  title =        "{Risk \& Opportunity Management Report May 2017}",
  year =         2017,
  month =        jul,
  handle =       {Document-26273},
}

@DocuShare{Document-26952,
  author =       {{Science Working Group of the LSST} and Michael A. Strauss},
  title =        "{Towards a Design Reference Mission for the Large Synoptic Survey Telescope}",
  year =         2004,
  month =        jun,
  handle =       {Document-26952},
}

@DocuShare{Document-26276,
  author =       {Jacek Becla and K-T Lim and Daniel Wang},
  title =        "{Scalable Partitioning}",
  year =         2013,
  month =        feb,
  handle =       {Document-26276},
}

@DocuShare{PSTN-001,
  author =       {{\v Z}. {Ivezi{\'c}} and {LSST Project Science Team}},
  title =        "{On the choice of LSST flux units}",
  year =         2018,
  month =        feb,
  handle =       {PSTN-001},
  url =          {PSTN-001.lsst.io}
}

@DocuShare{Document-28449,
  author =       {F. Delgado},
  title =        "{Project Response to Telescope \& Site Software Review Report 2018-02}",
  year =         2018,
  month =        may,
  handle =       {Document-28449},
}

@DocuShare{Document-28547,
  author =       {J. Kantor},
  title =        "{LSST Network Bandwidth Tests between Chile and the United States }",
  year =         2018,
  month =        jun,
  handle =       {Document-28547},
}

@DocuShare{Document-28973,
  author =       {R. Gill},
  title =        "{LSST MEETINGS CODE OF CONDUCT}",
  year =         2018,
  month =        jul,
  handle =       {Document-28973},
}

@DocuShare{Document-24920,
  author =       {R. Gill},
  title =        "{LSST COMMUNICATIONS CODE OF CONDUCT}",
  year =         2018,
  month =        jul,
  handle =       {Document-24920}
}

@DocuShare{Document-31100,
  author =       {J. Ross Thomson},
  title =        "{LSST Benchmarkin of Qserv and BigQuery}",
  year =         2019,
  month =        jan,
  handle =       {Document-31100}
}

@DocuShare{Document-32503,
  author =       {Kian-Tat Lim and Review Committee},
  title =        "{Identity Management Review Report}",
  year =         2019,
  month =        apr,
  handle =       {Document-32503}
}

@DocuShare{Document-35896,
  author =       {Federica Bianco and  SCs coordinator and  TVS SC},
  title =        "{MEMO on the impact of delays in pixel-level data access}",
  year =         2020,
  month =        may,
  handle =       {Document-35896}
}

@DocuShare{LCA-227,
  author =       {Martin Nordby and Nadine Kurita and Frank O'Neill and Darren Marsh},
  title =        "{LSST Camera Quality Implementation Plan}",
  year =         2014,
  month =        sep,
  handle =       {LCA-227},
}

@DocuShare{LDM-17,
  author =       {Tim Axelrod and others},
  title =        "{LSST Data Challenge 3a Final Report}",
  year =         2009,
  month =        aug,
  handle =       {LDM-17},
}

@DocuShare{LDM-129,
  author =       {Don Petravick and Margaret Johnson and Michelle Butler},
  title =        "{LSST Data Facility Logical Information Technology and
                   Communications Design}",
  year =         2018,
  month =        jul,
  handle =       {LDM-129},
}

@DocuShare{LDM-130,
  author =       {Unknown},
  title =        "{LSST Science User Interface and Tools Requirements}",
  institution =  {IPAC},
  year =         2017,
  month =        sep,
  handle =       {LDM-130},
}

@DocuShare{LDM-131,
  author =       {Schuyler {van Dyk} and Deborah Levine},
  title =        {Science User Interface and Science User Tools
                  Conceptual Design},
  year =         2013,
  month =        oct,
  handle =       {LDM-131},
}

@DocuShare{LDM-133,
  author =       {Mario Juri\'c and Kian-Tat Lim and Jeff Kantor},
  title =        "{Data Management UML Domain Model}",
  year =         2013,
  month =        oct,
  handle =       {LDM-133},
}

@DocuShare{LDM-134,
  author =       {Mario Juri\'c and Robyn Allsman and Jeff Kantor},
  title =        "{Data Management Applications UML Use Case Model}",
  year =         2013,
  month =        oct,
  handle =       {LDM-134},
}

@DocuShare{LDM-138,
  author =       {Jeff Kantor and Tim Axelrod and Kian-Tat Lim},
  title =        "{Data Management Compute Sizing Model}",
  year =         2013,
  month =        oct,
  handle =       {LDM-138},
}

@DocuShare{LDM-139,
  author =       {Jacek Becla and K.-T. Lim},
  title =        {Data Management Storage Sizing and I/O Model
                  Explanation},
  year =         2013,
  month =        oct,
  handle =       {LDM-139},
}

@DocuShare{LDM-140,
  author =       {Kian-Tat Lim and Chris Smith and Tim Axelrod and
                  Gregory Dubois-Felsmann and Mike Freemon},
  title =        "{Data Management Compute Sizing Explanation}",
  year =         2013,
  month =        oct,
  handle =       {LDM-140},
}

@DocuShare{LDM-141,
  author =       {Jacek Becla and K.-T. Lim},
  title =        "{Data Management Storage Sizing and I/O Model}",
  year =         2013,
  month =        oct,
  handle =       {LDM-141},
}

@DocuShare{LDM-142,
  author =       {Jeff Kantor},
  title =        "{Network Sizing Model}",
  year =         2017,
  month =        jan,
  handle =       {LDM-142},
}

@DocuShare{LDM-143,
  author =       {Mike Freemon and Steve Pietrowicz},
  title =        "{Site Specific Infrastructure Estimation Explanation}",
  year =         2013,
  month =        oct,
  handle =       {LDM-143},
}

@DocuShare{LDM-144,
  author =       {Mike Freemon and Steve Pietrowicz and Jason Alt},
  title =        "{Site Specific Infrastructure Estimation Model}",
  year =         2016,
  month =        jan,
  handle =       {LDM-144},
}

@DocuShare{LDM-146,
  author =       {Kian-Tat Lim and Robyn Allsman and Jeff Kantor},
  title =        {Data Management Middleware UML Use Case and Activity
                  Model},
  year =         2013,
  month =        oct,
  handle =       {LDM-146},
}

@DocuShare{LDM-148,
  author =       {K.-T. Lim and J. Bosch and G. Dubois-Felsmann and T. Jenness
                  and J. Kantor and W. O'Mullane and D. Petravick and
                  {The DM Leadership Team}},
  title =        "{Data Management System Design}",
  year =         2018,
  month =        jul,
  handle =       {LDM-148},
}


@DocuShare{LDM-152,
  author =       {Kian-Tat Lim and Gregory Dubois-Felsmann and M. Johnson
                  and M. Juri\'c and D. Petravick},
  title =        "{Data Management Middleware Design}",
  year =         2017,
  month =        jul,
  handle =       {LDM-152},
}

@DocuShare{LDM-153,
  author =      {J. Becla},
  title =       "{LSST Database Baseline Schema}",
  year =        2013,
  handle =      {LDM-153},
}

@DocuShare{LDM-156,
  author =       {Jonathan Myers and Lynne Jones and Tim Axelrod},
  title =        "{Moving Object Pipeline System Design}",
  year =         2013,
  month =        oct,
  handle =       {LDM-156},
}

@DocuShare{LDM-226,
  author =       {Richard A. Shaw and Mario Juri\'c and Andrew Becker and
                  K. Simon Krughoff and K-T Lim and Yusra Al Sayyad and
                  Jacek Becla and Robin Allsman and Tim Axelrod and
                  Steve Bickerton and James Bosch and Andrew Connolly and
                  Gregory E. Daues and Scott Daniel and
                  Gregory P. Dubois-Felsmann and Mike Freemon and Perry Gee and
                  William Glick and Steve Groom and Mike Jarvis and Jeff Kantor and
                  Dustin Lang and Ron Lambert and Robert Lupton and
                  Serge Monkewitz and Knut Olsen and Russell Owen and
                  Steve Pietrowicz and Raymond Plante and Paul Price and
                  Douglas Smith and Schuyler Van Dyk and Daniel Wang},
  title =        "{LSST Data Challenge Report: Summer 2012/early-Winter 2013}",
  year =         2013,
  month =        apr,
  handle =       {LDM-226},
}

@DocuShare{LDM-227,
  author =       {Andrew Becker and Simon Krughoff and Andrew Connolly and
                  Russell Owen and Paul Price and Robert Lupton and Dustin Lang and
                  Jim Bosch and Robyn Allsman and Yusra Al Sayyad and Jacek Becla and
                  Steve Bickerton and Scott Daniel and Greg Daues and
                  Gregory Dubois-Felsmann and Mike Freemon and Perry Gee and
                  Bill Glick and Steve Groom and Mario Juri\'c and Jeff Kantor and
                  Ron Lambert and Kian-Tat Lim and Bruce Mather and Serge Monkewitz and
                  Knut Olsen and Steve Pietrowicz and Ray Plante and Dick Shaw and
                  Douglas Smith and Schuyler Van Dyk and Daniel Wang},
  title =        "{Report on Late Winter2013 Production: Image Differencing}",
  year =         2013,
  month =        apr,
  handle =       {LDM-227},
}

@DocuShare{LDM-230,
  author =       {D. Petravick and M. Butler and M. Gelman},
  title =        "{Concept of Operations for the LSST Data Facility Services}",
  year =         2018,
  month =        jul,
  handle =       {LDM-230},
}

@DocuShare{LDM-240,
  author =       {Jeff Kantor and Mario Juri\'c and Kian-Tat Lim},
  title =        "{Data Management Releases}",
  year =         2016,
  month =        feb,
  handle =       {LDM-240},
}

@DocuShare{LDM-324,
  author =       {Jeff Kantor},
  title =        "{Data Management Information Security Plan}",
  year =         2016,
  month =        mar,
  handle =       {LDM-324},
}

@DocuShare{LDM-463,
  author =       {Jacek Becla and Nate Pease},
  title =        "{Data Access Design}",
  year =         2017,
  month =        apr,
  handle =       {LDM-463},
}

@DocuShare{LDM-482,
  author =       {David Ciardi and Gregory Dubois-Felsmann},
  title =        "{Data Access Policy for the Data Management Prototype DAC}",
  year =         2016,
  month =        aug,
  handle =       {LDM-482},
}

@DocuShare{LDM-492,
  author =       {David R. Ciardi and Xiuqin Wu and Gregory
                  Dubois-Felsmann},
  title =        "{A Vision for the Science User Interface and Tools}",
  institution =  {IPAC},
  year =         2016,
  month =        sep,
  handle =       {LDM-492},
}

@DocuShare{LDM-502,
  author =       {David Nidever and Frossie Economou},
  title =        "{The Measurement and Verification of DM Key Performance Metrics}",
  year =         2016,
  month =        may,
  handle =       {LDM-502},
}


@DocuShare{LDM-512,
  author =       {Tim Jenness and William O'Mullane},
  title =        "{Data Management Risk Assessment Process}",
  year =         2017,
  month =        apr,
  handle =       {LDM-512},
}

@DocuShare{LDM-513,
  author =       {Jim Bosch},
  title =        "{Proposal for Deblender Outputs as Level 2 Data Products}",
  year =         2017,
  month =        apr,
  handle =       {LDM-513},
}

@DocuShare{LDM-522,
  author =       {Frossie Economou and Michael Wood-Vasey},
  title =        "{DM Science Quality Data Assurance System Conceptual Design}",
  year =         2017,
  month =        may,
  handle =       {LDM-522},
}

@DocuShare{LDM-523,
  author =       {C. T. Slater and R. L. Jones and E. Bellm and M. Juri\'c},
  title =        "{Impact of a Heterogeneous Focal Plane on LSST Image Differencing}",
  year =         2017,
  month =        may,
  handle =       {LDM-523},
}

@DocuShare{LDM-532,
  author =       {Unknown},
  title =        "{NCSA Enclave Test Specification}",
  year =         2017,
  month =        jun,
  handle =       {LDM-532},
}

@DocuShare{LDM-533,
  author =       {Eric C. Bellm},
  title =        "{Level 1 System Software Test Specification}",
  year =         2017,
  month =        jun,
  handle =       {LDM-533},
}

@DocuShare{LDM-535,
  author =       {Unknown},
  title =        "{Data Backbone Test Specification}",
  year =         2017,
  month =        jun,
  handle =       {LDM-535},
}

@DocuShare{LDM-536,
  author =       {Unknown},
  title =        "{Data Backbone Data Services Test Specification}",
  year =         2017,
  month =        jun,
  handle =       {LDM-536},
}

@DocuShare{LDM-537,
  author =       {Unknown},
  title =        "{Data Backbone Infrastructure Test Specification}",
  year =         2017,
  month =        jun,
  handle =       {LDM-537},
}

@DocuShare{LDM-538,
  author =       {Michelle Butler and Jim Parsons and Michelle Gower},
  title =        "{Raw Image Archiving Service Test Specification}",
  year =         2018,
  month =        jun,
  handle =       {LDM-538},
}

@DocuShare{LDM-539,
  author =       {Unknown},
  title =        "{Data Access Center Enclave Test Specification}",
  year =         2017,
  month =        jun,
  handle =       {LDM-539},
}

@DocuShare{LDM-541,
  author =       {Unknown},
  title =        "{Commissioning Cluster Enclave Test Specification}",
  year =         2017,
  month =        jun,
  handle =       {LDM-541},
}

@DocuShare{LDM-552,
  author =       {Fritz Mueller},
  title =        "{Qserv Software Test Specification}",
  year =         2017,
  month =        jun,
  handle =       {LDM-552},
}

@DocuShare{LDM-553,
  author =       {William O'Mullane and John D. Swinbank and Mario Juri\'c and {DMLT}},
  title =        "{Evolution of the Data Management Plan and Organization}",
  year =         2017,
  month =        jun,
  handle =       {LDM-553},
}

@DocuShare{LDM-555,
  author =       {Jacek Becla},
  title =        "{Data Management Database Requirements}",
  year =         2017,
  month =        jun,
  handle =       {LDM-555},
}

@DocuShare{LDM-562,
  author =       {Jim Bosch},
  title =        "{Data Management System Level 2 System Requirements}",
  year =         2017,
  month =        nov,
  handle =       {LDM-562},
}

@DocuShare{LDM-563,
  author =       {William O'Mullane and Tim Jenness},
  title =        "{Butler Working Group Charge}",
  year =         2017,
  month =        aug,
  handle =       {LDM-563},
}

@DocuShare{LDM-564,
  author =       {William O'Mullane and Frossie Economou and Tim Jenness and Andrew Loftus},
  title =        "{Data Management Software Releases for Verification/Integration}",
  year =         2018,
  month =        jun,
  handle =       {LDM-564},
}

@DocuShare{LDM-582,
  author =       {Mario Juric and Robert Gruendl},
  title =        "{Lossy Compression Working Group Charge}",
  year =         2017,
  month =        oct,
  handle =       {LDM-582},
}

@DocuShare{LDM-622,
  author =       {John Swinbank},
  title =        "{Data Management QA Strategy Working Group Charge}",
  year =         2018,
  month =        apr,
  handle =       {LDM-622},
}

@DocuShare{LDM-635,
  author =       {Michelle Gower and Michelle Butler and Kian-Tat Lim},
  title =        "{Data Management Data Backbone Services Requirements}",
  year =         2018,
  month =        jun,
  handle =       {LDM-635},
}

@DocuShare{LDM-643,
  author =      {M.~Johnson and R.A.~Gruendl},
  title =       "{Proposed DM OPS Rehearsals}",
  year =        2019,
  month =       mar,
  handle =      {LDM-643},
}

@DocuShare{LDM-682,
  author =       {Eric Bellm and Robert Blum and Melissa Graham and Leanne Guy and {\v Z}eljko {Ivezi{\'c}} and William O’Mullane and John Swinbank},
  title =        "{Call for Letters of Intent for Community Alert Brokers}",
  year =         2019,
  month =        feb,
  handle =       {LDM-682},
}

@DocuShare{LDM-702,
  author =       {William O'Mullane},
  title =        "{Image display working group charge}",
  year =         2019,
  month =        jun,
  handle =       {LDM-702},
}

@DocuShare{LPM-17,
  author =       {{\v Z}. {Ivezi{\'c}} and {The LSST Science
                  Collaboration}},
  title =        "{LSST Science Requirements Document}",
  year =         2018,
  month =        jan,
  handle =       {LPM-17},
}

@DocuShare{LPM-18,
  author =       {Chuck Gessner and Victor Krabbendam },
  title =        "{Safety Policy}",
  year =         2014,
  month =        nov,
  handle =       {LPM-18},
}

@DocuShare{LPM-19,
  author =       {George Angeli and Robert McKercher},
  title =        "{Change Control Process}",
  year =         2015,
  month =        dec,
  handle =       {LPM-19},
}

@DocuShare{LPM-20,
  author =       {Victor Krabbendam and Brian Selvy},
  title =        "{Risk \& Opportunity Management Plan}",
  year =         2015,
  month =        aug,
  handle =       {LPM-20},
}

@DocuShare{LPM-43,
  author =       {Robert McKercher},
  title =        "{WBS Structure}",
  year =         2016,
  month =        jul,
  handle =       {LPM-43},
}

@DocuShare{LPM-44,
  author =       {Robert McKercher},
  title =        "{WBS Dictionary}",
  year =         2016,
  month =        jul,
  handle =       {LPM-44},
}

@DocuShare{LPM-51,
  author =       {Robert McKercher},
  title =        "{Document Management Plan}",
  year =         2013,
  month =        aug,
  handle =       {LPM-51},
}

@DocuShare{LPM-55,
  author =       {Donald Sweeney and Robert McKercher},
  title =        "{Project Quality Assurance Plan}",
  year =         2013,
  month =        aug,
  handle =       {LPM-55},
}

@DocuShare{LPM-72,
  author =       {Victor Krabbendam},
  title =        "{Scope Options}",
  year =         2015,
  month =        oct,
  handle =       {LPM-72},
}

@DocuShare{LPM-73,
  author =       {Sidney Wolff},
  title =        "{Operations Plan}",
  year =         2013,
  month =        oct,
  handle =       {LPM-73},
}

@DocuShare{LPM-81,
  author =       {Jeff Kantor and Victor Krabbendam},
  title =        "{Cost Estimating Plan}",
  year =         2015,
  month =        aug,
  handle =       {LPM-81},
}

@DocuShare{LPM-98,
  author =       {Kevin E. Long},
  title =        "{LSST Project Controls System Description}",
  year =         2016,
  month =        dec,
  handle =       {LPM-98},
}

@DocuShare{LPM-101,
  author =       {Iain Goodenow and Robert McKercher},
  title =        "{Tucson Site Disaster Recovery Plan}",
  year =         2013,
  month =        sep,
  handle =       {LPM-101},
}

@DocuShare{LPM-121,
  author =       {Donald L. Petravick and Alexander Withers},
  title =        "{LSST Master Information Security Policy}",
  year =         2016,
  month =        sep,
  handle =       {LPM-121},
}

@DocuShare{LPM-122,
  author =       {Donald Petravick},
  title =        "{LSST Information Classification Policy}",
  year =         2015,
  month =        aug,
  handle =       {LPM-122},
}

@DocuShare{LPM-123,
  author =       {Donald Petravick},
  title =        "{ LSST General Acceptable Use Policy  }",
  year =         2017,
  month =        oct,
  handle =       {LPM-123},
}

@DocuShare{LPM-125,
  author =       { Victor Krabendam and Iain Goodenow},
  title =        "{Project Management Office Information Security Plan}",
  year =         2016,
  month =        sep,
  handle =       {LPM-125},
}

@DocuShare{LPM-162,
  author =       {{Project Science Team}},
  title =        "{Project Publication Policy}",
  year =         2015,
  month =        aug,
  handle =       {LPM-162},
}

@DocuShare{LPM-191,
  author =       {Daniel Calabrese},
  title =        "{Travel Policy}",
  year =         2017,
  month =        may,
  handle =       {LPM-191},
}

@DocuShare{LPM-221,
  author =       {William O'Mullane and Beth Willman},
  title =        "{Charge for LSST Data Access Policy Working Group}",
  year =         2017,
  month =        nov,
  handle =       {LPM-221},
}

@DocuShare{LSE-16,
  author =       {Robyn Allsman and Gregory Dubois-Felsmann and Jeff Kantor},
  title =        "{LSST Software Development Plan}",
  year =         2009,
  month =        may,
  handle =       {LSE-16},
}

@DocuShare{LSE-17,
  author =       {Charles Claver and George Angeli and Brian Selvy},
  title =        "{Systems Engineering Management Plan}",
  year =         2016,
  month =        jan,
  handle =       {LSE-17},
}

@DocuShare{LSE-29,
  author =       {Charles F. Claver and {The LSST Systems Engineering
                  Integrated Project Team}},
  title =        "{LSST System Requirements (LSR)}",
  year =         2017,
  month =        sep,
  handle =       {LSE-29},
}

@DocuShare{LSE-30,
  author =       {Charles F. Claver and {The LSST Systems Engineering
                  Integrated Project Team}},
  title =        "{Observatory System Specifications (OSS)}",
  year =         2018,
  month =        jan,
  handle =       {LSE-30},
}

@DocuShare{LSE-39,
  author =       {Chuck Claver and Gregory Dubois-Felsmann},
  title =        "{LSST Document Tree}",
  year =         2010,
  month =        mar,
  handle =       {LSE-39},
}

@DocuShare{LSE-60,
  author =       {Jacques Sebag and Victor Krabbendam},
  title =        "{LSST Telescope and Site (TS) Requirements}",
  year =         2018,
  month =        may,
  handle =       {LSE-60},
}

@DocuShare{LSE-62,
  author =       {German Schumacher and Francisco Delgado},
  title =        "{LSST Observatory Control System Requirements}",
  year =         2019,
  month =        oct,
  handle =       {LSE-62},
}

@DocuShare{LSE-63,
  author =       {Tony Tyson and {DQA Team} and {Science
                  Collaboration}},
  title =        {Data quality Assurance Plan: Requirements for the
                  LSST Data Quality Assessment Framework},
  year =         2017,
  month =        may,
  handle =       {LSE-63},
}

@DocuShare{LSE-68,
  author =       {Gregory Dubois-Felsmann},
  title =        "{Camera Data Acquisition Interface}",
  year =         2015,
  month =        jun,
  handle =       {LSE-68},
}

@DocuShare{LSE-69,
  author =       {Gregory Dubois-Felsmann},
  title =        "{Interface between the Camera and Data Management}",
  year =         2014,
  month =        oct,
  handle =       {LSE-69},
}

@DocuShare{LSE-70,
	author =	     {Paul Lotz},
	title =		     {System Communication Protocol Interface},
	year =		     2016,
	month =		     sep,
	handle =	     {LSE-70},
}

@DocuShare{LSE-72,
  author =       {Gregory Dubois-Felsmann and German Schumacher and
                  Brian Selvy},
  title =        "{OCS Command Dictionary for Data Management}",
  year =         2014,
  month =        oct,
  handle =       {LSE-72},
}

@DocuShare{LSE-75,
  author =       {Gregory Dubois-Felsmann},
  title =        "{Control System Interfaces between the Telescope and Data Management}",
  year =         2011,
  month =        aug,
  handle =       {LSE-75},
}

@DocuShare{LSE-76,
  author =       {Gregory Dubois-Felsmann},
  title =        "{Infrastructure Interfaces between Summit Facility and Data Management}",
  year =         2011,
  month =        aug,
  handle =       {LSE-76},
}

@DocuShare{LSE-77,
  author =       {Gregory Dubois-Felsmann},
  title =        "{Infrastructure Interfaces between Base Facility and Data Management}",
  year =         2013,
  month =        oct,
  handle =       {LSE-77},
}

@DocuShare{LSE-78,
	author =       {Ron Lambert and Jeff Kantor and Mike Huffer and Chip Cox
                  and Paul Wefel and Matt Kollross and Sandra Jaque},
	title =        "{ LSST Observatory Network Design}",
	year =         2017,
	month =        apr,
	handle =       {LSE-78},
}

@DocuShare{LSE-79,
  author =       {Chuck Claver and {The LSST Commissioning Planning Team}},
  title =        "{System AI\&T and Commissioning Plan}",
  year =         2017,
  month =        jan,
  handle =       {LSE-79},
}

@DocuShare{LEP-031,
  author =       {The LSST EPO Team},
  title =        "{LSST EPO Design}",
  year =         2018,
  month =        jul,
  handle =       {LEP-031},
}


@DocuShare{LSE-81,
  author =       {Gregory Dubois-Felsmann},
  title =        "{LSST Science and Project Sizing Inputs}",
  year =         2013,
  month =        oct,
  handle =       {LSE-81},
}

@DocuShare{LSE-82,
  author =       {Gregory Dubois-Felsmann and Kian-Tat Lim},
  title =        "{Science and Project Sizing Inputs Explanation}",
  year =         2013,
  month =        oct,
  handle =       {LSE-82},
}

@DocuShare{LSE-89,
  author =       {Ben Emmons and Amanda Bauer},
  title =        "{Education and Public Outreach Requirements}",
  year =         2018,
  month =        jan,
  handle =       {LSE-89}
}


@DocuShare{LSE-130,
  author =       {Gregory Dubois-Felsmann},
  title =        "{Support-Data Exchanges between Data Management and Camera}",
  year =         2015,
  month =        jun,
  handle =       {LSE-130},
}

@DocuShare{LSE-131,
  author =       {Suzanne Jacoby and Ben Emmons and Brian Selvy},
  title =        {Interface between Data Management and Education and
                  Public Outreach},
  year =         2017,
  month =        jul,
  handle =       {LSE-131},
}

@DocuShare{LSE-140,
  author =       {Gregory Dubois-Felsmann},
  title =        "{Auxiliary Instrumentation Interface between Data Management and Telescope}",
  year =         2016,
  month =        jul,
  handle =       {LSE-140},
}

@DocuShare{LSE-159,
  author =       {George Angeli},
  title =        "{Reviews Definitions, Guidelines, and Procedures}",
  year =         2013,
  month =        sep,
  handle =       {LSE-159},
}

@DocuShare{LSE-160,
  author =       {Brian Selvy},
  title =        "{Verification and Validation Process}",
  year =         2013,
  month =        sep,
  handle =       {LSE-160},
}

@DocuShare{LSE-180,
  author =       {Lynne Jones},
  title =        "{Level 2 Photometric Calibration for the LSST Survey}",
  year =         2013,
  month =        nov,
  handle =       {LSE-180},
}

@DocuShare{LSE-209,
  author =       {Paul Lotz},
  title =        {Software Component to OCS Interface},
  year =         2016,
  month =        oct,
  handle =       {LSE-209},
}

@DocuShare{LSE-239,
  author =       {Donald Petravick and Josh Hoblitt and Kian-Tat Lim and Ron Lambert and Gregory Dubois-Felsmann and Tom Durbin and Jeff Barr},
  title =        "{Base Facility Data Center Design Requirements}",
  year =         2016,
  month =        aug,
  handle =       {LSE-239},
}

@DocuShare{LSE-279,
  author =       {Alex Withers},
  title =        "{Concept of Operations for Unified LSST Authentication and Authorization Services}",
  year =         2017,
  month =        jan,
  handle =       {LSE-279},
}

@DocuShare{LSE-309,
  author =       {Jeff Kantor},
  title =        "{Summit to Base Information Technology and Communication (ITC) Design}",
  year =         2017,
  month =        nov,
  handle =       {LSE-309},
}

@DocuShare{LPM-261,
  author =       {Beth Willman and Melissa Graham and William O'Mullane and Donald Petravick},
  title =        "{Access Policy for LSST Data and Data Access Center}",
  year =         2018,
  month =        mar,
  handle =       {LPM-261},
  note =         {Superseded by LDO-13},
}


@DocuShare{LSE-379,
  author =       {Patrick Ingraham},
  title =        "{Auxiliary Telescope Concept of Operations}",
  year =         2018,
  month =        may,
  handle =       {LSE-379},
}

@DocuShare{LSE-390,
  author =       {Kevin Reil and  Chuck Claver and  Vincent Riot and Victor Krabbendam},
  title =        "{Commissioning Execution Plan}",
  year =         2020,
  month =        mar,
  handle =       {LSE-390},
}

@DocuShare{LSE-400,
  author = {K-T Lim},
  title = "{Header Service Interface}",
  year = 2019,
  handle = {LSE-400},
  url = {https://lse-400.lsst.io},
}

@DocuShare{LSE-479,
  author =       {{Network Engineering Team (NET)}},
  title =        "{Network Technical Document}",
  year =         2020,
  month =        aug,
  handle =       {LSE-479},
}

@DocuShare{LDO-13,
  author =      {R. Blum and others},
  title =       "{LSST Data Policy}",
  year =        2019,
  month =       nov,
  handle =      {LDO-13},
}

@DocuShare{LDO-31,
  author =      {R. Blum and others},
  title =       "{OBSOLETE NOW RDO-018 - LSST Operations Proposal }",
  year =        2020,
  month =       mar,
  handle =      {LDO-31-OBS-RDO-018},
}

@DocuShare{RDO-011,
  author = {Phil Marshall },
  title = "{Release Scenarios for LSST Data}",
  year = 2020,
  handle = {RDO-011},
  url = {https://docushare.lsstcorp.org/docushare/dsweb/Get/RDO-11},
}


@DocuShare{RDO-018,
  author = {Robert Blum},
  title = "{PLAN for the OPERATIONS of the VERA C. RUBIN OBSERVATORY}",
  year = 2021,
  month = nov,
  handle = {RDO-018},
  url = {https://docushare.lsstcorp.org/docushare/dsweb/Get/RDO-18},
}

@DocuShare{LTS-88,
  author = {J. Sebag},
  title =  "{M1M3 Mirror Support Design Requirements Document}",
  year =   2022,
  month =  jan,
  handle = {LTS-88},
}

@DocuShare{LTS-146,
  author = { W. Gressler and D. Neill and J. Sebag},
  title =  "{M2 Cell Assembly Specifications Document}",
  year =   2018,
  month =  nov,
  handle = {LTS-146},
}

@DocuShare{LTS-160,
  author = { G. Schumacher },
  title =  "{TCS to Hexapods and Rotator Interface Control Document}",
  year =   2022,
  month =  jul,
  handle = {LTS-160},
}

@DocuShare{LTS-161,
  author = { G. Schumacher },
  title =  "{TCS to M1M3 Assembly Interface Control Document}",
  year =   2022,
  month =  jul,
  handle = {LTS-161},
}

@DocuShare{LTS-162,
  author = { G. Schumacher },
  title =  "{ TCS to M2 Assembly Interface Control Document }",
  year =   2022,
  month =  apr,
  handle = {LTS-162},
}

@DocuShare{LTS-206,
  author =       {D. Neill and J. Sebag and W. Gressler},
  title =        "{Hexapods and Rotator Specifications Document}",
  year =         2017,
  handle =       {LTS-206},
}

@DocuShare{LTS-210,
  author =       {D. Mills},
  title =        "{Engineering and Facility Database Design Document}",
  year =         2015,
  handle =       {LTS-210},
}

@DocuShare{LTS-487,
  author =       {P. Ingraham},
  title =        "{Auxiliary Telescope Spectrograph Statement of Work (SOW)}",
  year =         2017,
  handle =       {LTS-487},
}

@DocuShare{LTS-488,
  author =       {P. Ingraham},
  title =        "{Auxiliary Telescope Spectrograph Specifications Document}",
  year =         2017,
  handle =       {LTS-488},
}

@DocuShare{LTS-807,
  author =       {A. Serio},
  title =        "{LSST Operations Viszualization Enviroment (LOVE) Requirements }",
  year =         2018,
  handle =       {LTS-807},
}

@DocuShare{Publication-141,
  author =       {Dhital, S. and others},
  title =        {{Science White Paper for LSST Deep-Drilling Field Observations Mapping the Milky Way's Ultracool Dwarfs, Subdwarfs, and White Dwarfs}},
  year =         2011,
  handle = {Publication-141},
}

@DocuShare{Publication-142,
  author =       {Ferguson, H.~C.},
  title =        {{Science White Paper for LSST Deep-Drilling Field Observations: LSST Deep Drilling for Galaxies}},
  year =         2011,
  handle = {Publication-142},
}

@DocuShare{Publication-143,
  author =       {Gawiser, E. and others},
  title =        {{Science White Paper for LSST Deep-Drilling Field Observations: Ultra-deep $ugrizy$ Imaging to Reduce Main Survey Photo-z Systematics and to Probe Faint Galaxy Clustering, AGN, and Strong Lenses}},
  year =         2011,
  handle = {Publication-143},
}

@DocuShare{Publication-144,
  author =       {Kessler, R. and others},
  title =        {{Science White Paper for LSST Deep-Drilling Field Observations: Supernova Light Curves}},
  year =         2011,
  handle = {Publication-144},
}

@DocuShare{Publication-145,
  author =       {Szkody, P. and others},
  title =        {{Science White Paper for LSST Deep-Drilling Field Observations
High Cadence Observations of the Magellanic Clouds and Select Galactic Cluster Fields}},
  year =         2011,
  handle = {Publication-145},
}

@DocuShare{Report-142,
  author =       {Tim Jenness and John Swinbank and Simon Krughoff and
                  Gregory Dubois-Felsmann and David Ciardi},
  title =        "{Hot-Wiring the Transient Universe IV}",
  year =         2015,
  month =        jun,
  handle =       {Report-142},
  note =         {Report on the Hot-Wiring the Transient Universe IV
                  conference held in Santa Barbara in May 2015.},
}

@DocuShare{Report-241,
  author =       {{LSST Project Science Team}},
  title =        "{Camera Mixed Focal Plane Option}",
  year =         2015,
  month =        nov,
  handle =       {Report-241},
}

@DocuShare{Report-561,
  author =       {{Review Committee}},
  title =        "{Telescope \& Site (T\&S) Software Review Report}",
  year =         2018,
  month =        mar,
  handle =       {Report-561},
}

@DocuShare{DMTR-11,
  author = {Frossie Economou and John Swinbank and Jim Bosch
            and Simon Krughoff},
   title = "{Characterization Metric Report: Science Pipelines Version 11.0 (Summer 2015)}",
    year = 2015,
   month = oct,
  handle = {DMTR-11},
}

@DocuShare{DMTR-12,
  author = {Jacek Becla},
   title = "{Qserv 300 node test}",
    year = 2013,
  handle = {DMTR-12},
}

@DocuShare{DMTR-13,
  author = {Jacek Becla},
   title = "{Qserv Summer 15 Large Scale Tests}",
    year = 2015,
   month = aug,
  handle = {DMTR-13},
}

@DocuShare{DMTR-14,
  author = {John Swinbank and Jim Bosch
            and Simon Krughoff},
   title = "{Characterization Metric Report: Science Pipelines Version 12.0}",
    year = 2016,
   month = mar,
  handle = {DMTR-14},
}

@DocuShare{DMTR-15,
  author = {Michael Wood-Vasey and John Swinbank},
   title = "{Characterization Metric Report: Science Pipelines Version 13.0}",
    year = 2017,
   month = mar,
  handle = {DMTR-15},
}

@DocuShare{DMTR-16,
  author = {Vaikunth~Thukral},
   title = "{Qserv Fall 16 Large Scale Tests/KPMs}",
    year = 2017,
   month = may,
  handle = {DMTR-16},
}

@DocuShare{DMTR-17,
  author = {Vaikunth~Thukral},
   title = "{Qserv Fall 17 Large Scale Tests/KPMs}",
    year = 2018,
   month = jun,
  handle = {DMTR-17},
}
@DocuShare{DMTR-21,
  author = {Jacek Becla and K-T Lim and Daniel Wang},
   title = "{Early (pre-2013) Large-Scale Qserv Tests}",
    year = 2013,
   month = aug,
  handle = {DMTR-21},
}

@DocuShare{DMTR-22,
  author = {K. Suberlak and {\v Z}. Ivezi\'c and {The PDAC Team}},
   title = "{Prototype Data Access Center: User Report}",
    year = 2017,
   month = jul,
  handle = {DMTR-22},
}

@DocuShare{DMTR-31,
  author = {H.-F. Chiang and G. Daues and S. Thrush and {The NCSA Team}},
   title = "{S17B HSC PDR1 Reprocessing Report}",
    year = 2017,
   month = aug,
  handle = {DMTR-31},
}

@DocuShare{DMTR-41,
  author = {S. Krughoff and  J. Wood-Vasey},
   title = "{Characterization Metric Report: Science Pipelines Version 14.0}",
    year = 2017,
   month = oct,
  handle = {DMTR-41},
}


@DocuShare{DMTR-61,
  author = {Butler, M. and Parsons, J.},
   title = {LDM-503-04 and LDM-503-04b (Raw Image Archiving Service) Test Report},
    year = 2018,
   month = jun,
  handle = {DMTR-61},
}


@DocuShare{DMTR-82,
  author = {Vinicius Arcanjo and Albert Astudillo and Jeronimo Bezerra and Luis Corral and Julio Ibarra and Sandra Jaque and Jeff Kantor and Matt Kollross and Ron Lambert},
   title = "{Network Bandwidth Tests between Chile and the United States}",
    year = 2018,
   month = jun,
  handle = {DMTR-82},
}

@DocuShare{document-14789,
  author =       {Jeff Kantor},
  title =        "{LSST Long-Haul Networks (LHN) End-to-end Test Plan}",
  year =         2014,
  month =        sep,
  handle =       {document-14789},
}

@DocuShare{Document-37650,
  author =       {John Gizis and Stars, Milky Way \& Local Volume Science Collaboration },
  title =        "{LSST Long-Haul Networks (LHN) End-to-end Test Plan}",
  year =         2021,
  month =        apr,
  handle =       {Document-37650},
}

